 @book{hopcroft_ullman_1995, title={Introduction to automata theory, languages, and computation}, publisher={CNIB}, author={Hopcroft, John and Ullman, Jeffrey D.}, year={1995}} 

 @book{dragonbook,
  title={Compilers: principles, techniques, and tools},
  author={Aho, Alfred V and Sethi, Ravi and Ullman, Jeffrey D},
  volume={2},
  year={2007},
  publisher={Addison-wesley Reading},
  isbn={0-321-48681-1}
}

@book{melichar,
  title={Konstrukce překladačů},
  author={Melichar, Bořivoj and Češka, Milan and Ježek, Karel and Richta, Karel},
  publisher={Vydavatelství ČVUT},
  year={1999},
  ISBN={80-01-02028-2}
}

 @misc{deltalivetables, title={Delta live tables SQL language reference}, url={https://docs.databricks.com/workflows/delta-live-tables/delta-live-tables-sql-ref.html}, journal={Delta Live Tables SQL language reference | Databricks on AWS}, publisher={Databricks},
  key={Databricks - Delta live tables}} 


  @misc{whatisdeltalake, title={What is Delta Lake?}, url={https://docs.databricks.com/delta/index.html}, journal={What is Delta Lake? | Databricks on AWS}, publisher={Databricks}, year={2023}, month={Feb},
  key={Databricks - Delta live tables}
  } 

   @misc{databricks_2022, title={Introduction to data lakes}, url={https://www.databricks.com/discover/data-lakes/introduction}, journal={Databricks}, publisher={Databricks}, year={2022}, month={May}} 